@MISC{MLAlgGit,
    AUTHOR = "Misiti, Joseph",
    TITLE = "A curated list of awesome Machine Learning frameworks, libraries and software.",
    NOTE= "Online; accessed 11 Nov, 2017",
    HOWPUBLISHED = {\url{https://github.com/josephmisiti/awesome-machine-learning}},}
    
@MISC{UdacityChakra,
    AUTHOR = "Chakraborty, Arpan",
    TITLE = "Languages and Libraries for Machine Learning.",
    NOTE= "Online; accessed 11 Nov, 2017",
    HOWPUBLISHED = {\url{https://blog.udacity.com/2016/04/languages-and-libraries-for-machine-learning.html}},}
    
@MISC{AForge,
    AUTHOR = "Chakraborty, Arpan",
    TITLE = "Neural Networks on C\#.",
    NOTE= "Online; accessed 11 Nov, 2017",
    HOWPUBLISHED = {\url{https://www.codeproject.com/Articles/16447/Neural-Networks-on-C}},}
    
@MISC{USGSRoadData,
    AUTHOR = {{United States Geological Survey}},
    TITLE = "USGS National Transportation Dataset (NTD) Downloadable Data Collection.",
    NOTE= "Online; accessed 13 Nov, 2017",
    HOWPUBLISHED = {\url{https://catalog.data.gov/dataset/usgs-national-transportation-dataset-ntd-downloadable-data-collectionde7d2}},}
    
@MISC{Dotspatial,
    AUTHOR = {{DotSpatial}},
    TITLE = "What is DotSpatial?",
    NOTE= "Online; accessed 13 Nov, 2017",
    HOWPUBLISHED = {\url{http://dotspatial.codeplex.com/}},}    
    
@MISC{CensusAPI,
    AUTHOR = {{United States Census Bureau}},
    TITLE = "Available APIs",
    NOTE= "Online; accessed 13 Nov, 2017",
    HOWPUBLISHED = {\url{https://www.census.gov/data/developers/data-sets.html}},} 
    
@MISC{AmznAppStream,
    AUTHOR = {{Amazon Web Services}},
    TITLE = "Amazon Appstream 2.0",
    NOTE= "Online; accessed 13 Nov, 2017",
    HOWPUBLISHED = {\url{https://aws.amazon.com/appstream2/}},}
    
@MISC{ValueWalk,
    AUTHOR = {{Value Walk}},
    TITLE = "The Top Five Languages Paving The Future Of Machine Learning",
    NOTE= "Online; accessed 19 Nov, 2017",
    HOWPUBLISHED = {\url{http://www.valuewalk.com/2016/04/future-machine-learning/}},}
    
@MISC{HackerEarth,
    AUTHOR = {{HackerEarth}},
    TITLE = "7 Powerful Programming Languages For Doing Machine Learning",
    NOTE= "Online; accessed 19 Nov, 2017",
    HOWPUBLISHED = {\url{http://blog.hackerearth.com/powerful-programming-languages-for-machine-learning}},}
    
@MISC{Intellipaat,
    AUTHOR = {{Intellipaat}},
    TITLE = "Which is the most promising language for Machine Learning?",
    NOTE= "Online; accessed 19 Nov, 2017",
    HOWPUBLISHED = {\url{https://intellipaat.com/blog/most-promising-machine-learning-language/}},}
    
@MISC{ServerCost,
    AUTHOR = "Beal, Vangie",
    TITLE = "How Much Will a Server Cost?",
    NOTE= "Online; accessed 19 Nov, 2017",
    HOWPUBLISHED = {\url{https://www.webopedia.com/DidYouKnow/Hardware_Software/how_much_will_a_server_cost.html/}},}   
    
@MISC{AppstreamCost,
    AUTHOR = "Claburn, Thomas",
    TITLE = "Amazon tries again with AppStream because customers didn't like it",
    NOTE= "Online; accessed 19 Nov, 2017",
    HOWPUBLISHED = {\url{https://www.theregister.co.uk/2016/12/02/amazon_revises_appstream_because_customers_didnt_like_it/}},}   
    
@MISC{PyShapefile,
    AUTHOR = {{Python.org}},
    TITLE = "pyshp 1.2.12",
    NOTE= "Online; accessed 20 Nov, 2017",
    HOWPUBLISHED = {\url{https://pypi.python.org/pypi/pyshp/}},} 
    
