@misc{machinelearning,
    author = "Fumo, David",
    title  = "Types of Machine Learning Algorithms You Should Know",
    url = "https://towardsdatascience.com/types-of-machine-learning-algorithms-you-should-know-953a08248861",
    year = 2017
}
@electronic{apachesparkMlib,
    title = "Apache Spark MLib",
    url = "https://spark.apache.org/mllib/"
}
@electronic{negapachespark,
    title = "Limitations of Apache Spark â€“ Ways to Overcome Spark Drawbacks",
    year = 2017,
    url = "https://data-flair.training/blogs/limitations-of-apache-spark/"
}
@electronic{azureMain,
    title = "Azure Machine Learning Studio",
    url = "https://azure.microsoft.com/en-us/services/machine-learning-studio/",
    year = 2017
}
@electronic{tensorflow,
    title = "An open-source software library for Machine Intelligence",
    url = "https://www.tensorflow.org/"
}
@electronic{relationalvsnon,
    title = "Relational vs. non-relational databases: Which one is right for you?",
    author = "Homan, Jacqueline",
    year = "2014",
    url = "https://www.pluralsight.com/blog/software-development/relational-non-relational-databases"
}
@electronic{arcgis,
    title = "Web GIS in Your Infrastructure",
    url = "http://server.arcgis.com/en/\#data-management"
}
@electronic{awsdatabase,
    title = "Cloud Databases with AWS",
    url = "https://aws.amazon.com/products/databases/"
}
@electronic{mysql,
    title = "OOracle MySQL Cloud Service",
    url = "https://www.mysql.com/cloud/"
}
@electronic{apibasic,
    title = "What Are APIs and How Do They Work?",
    url = "https://www.programmableweb.com/api-university/what-are-apis-and-how-do-they-work",
    year = 2015,
    author = {Berlind, David and Santos, Wendell}
}
@electronic{typesapi,
    title = "Pick the Right Type of API for Your Project",
    url = "https://www.mulesoft.com/resources/api/types-of-apis"
}
@electronic{SOAPvsREST,
    title = "SOAP vs. REST 101: Understand The Differences",
    url = "https://www.soapui.org/testing-dojo/world-of-api-testing/soap-vs-rest-challenges.html"
}
@electronic{rpc,
    title = "Understanding RPC vs REST for HTTP APIs",
    author = "Sturgeon, Phil",
    year = 2016,
    url = "https://www.smashingmagazine.com/2016/09/understanding-rest-and-rpc-for-http-apis/"
}