@MISC{AmznAppStream,
    AUTHOR = {{Amazon Web Services}},
    TITLE = "Amazon Appstream 2.0",
    NOTE= "Online; accessed 13 Nov, 2017",
    HOWPUBLISHED = {\url{https://aws.amazon.com/appstream2/}},}
    
@MISC{PyPlotly,
    AUTHOR = {{Plotly}},
    TITLE = "Plotly Python Library",
    NOTE= "Online; accessed 13 Nov, 2017",
    HOWPUBLISHED = {\url{https://plot.ly/python/}},}
    
@MISC{AppstreamCost,
    AUTHOR = "Claburn, Thomas",
    TITLE = "Amazon tries again with AppStream because customers didn't like it",
    NOTE= "Online; accessed 19 Nov, 2017",
    HOWPUBLISHED = {\url{https://www.theregister.co.uk/2016/12/02/amazon_revises_appstream_because_customers_didnt_like_it/}},}   
    
@MISC{proMLA,
    TITLE = {Metrics for Evaluating Machine Learning Algorithms},
    NOTE= "Online; accessed 30 Nov, 2017",
    url = {https://www.dezyre.com/data-science-in-python-tutorial/performance-metrics-for-machine-learning-algorithm},
    publisher = "Iconiq Inc."
}
@MISC{supervised,
    author = {Jason Brownlee},
    year = 2016,
    title = {Supervised and Unsupervised Machine Learning Algorithms},
    NOTE= "Online; accessed 30 Nov, 2017",
    url = {https://machinelearningmastery.com/supervised-and-unsupervised-machine-learning-algorithms/},
    publisher = {Machine Learning Mastery}
}

@MISC{SerialMetrics,
    AUTHOR = {{Serial Metrics}},
    TITLE = "5 Common Machine Learning Challenges Data Scientists Face",
    NOTE= "Online; accessed 30 Nov, 2017",
    HOWPUBLISHED = {\url{http://serialmetrics.com/blog/common-machine-learning-challenges/}},}

@MISC{trained,
    author = {Yael Gavish},
    title = {\#3: Developing a Machine Learning Model from Start to Finish},
    url = {https://medium.com/@yaelg/product-manager-guide-part-3-developing-a-machine-learning-model-from-start-to-finish-c3e12fd835e4},
    NOTE= "Online; accessed 30 Nov, 2017",
    publisher = {Medium}
}

@MISC{tensorFlow,
    title = {An open-source software library for Machine Intelligence},
    NOTE= "Online; accessed 30 Nov, 2017",
    HOWPUBLISHED = {\url{https://www.tensorflow.org//}}
}

@MISC{TechReview,
    AUTHOR = "Brian Wiltse",
    TITLE = "CS Capstone Technology Review: Code3 Visionary",
    NOTE= "Online; accessed 30 Nov, 2017",
    HOWPUBLISHED = {\url{https://github.com/trankie/The-Visionaries/blob/master/Document/TechReview/WiltseTR/tech_review.tex}},}
}